<record><leader>00000cas a22000007a 4500</leader><controlfield tag="001">19893233</controlfield><controlfield tag="008">890619d18741875mouwr ne      0    0eng d</controlfield><datafield ind1=" " ind2=" " tag="010"><subfield code="a">sn 89066041 </subfield></datafield><datafield ind1=" " ind2=" " tag="040"><subfield code="a">MQN</subfield><subfield code="b">eng</subfield><subfield code="c">MQN</subfield><subfield code="d">OCLCQ</subfield></datafield><datafield ind1=" " ind2=" " tag="042"><subfield code="a">msc</subfield></datafield><datafield ind1="0" ind2="0" tag="245"><subfield code="a">Nodaway County republican.</subfield></datafield><datafield ind1=" " ind2=" " tag="260"><subfield code="a">Maryville, Nodaway County, Mo. :</subfield><subfield code="b">H.E. Robinson,</subfield><subfield code="c">1874-1875.</subfield></datafield><datafield ind1=" " ind2=" " tag="300"><subfield code="a">v.</subfield></datafield><datafield ind1=" " ind2=" " tag="310"><subfield code="a">Weekly</subfield></datafield><datafield ind1="0" ind2=" " tag="362"><subfield code="a">Vol. 4, no. 24 (Jan. 8, 1874)-v. 5, no. 31 (Feb. 25, 1875).</subfield></datafield><datafield ind1=" " ind2=" " tag="752"><subfield code="a">United States</subfield><subfield code="b">Missouri</subfield><subfield code="c">Nodaway</subfield><subfield code="d">Maryville.</subfield></datafield><datafield ind1="0" ind2="0" tag="780"><subfield code="t">Weekly republican (Maryville, Mo. : 1870)</subfield><subfield code="w">(DLC)sn 85034021</subfield></datafield><datafield ind1="0" ind2="0" tag="785"><subfield code="t">Maryville republican (Maryville, Mo. : Weekly)</subfield><subfield code="w">(DLC)sn 89066034</subfield></datafield></record>